 
% ksiazka
@Book{bib:ksiazka,
  Title                    = {Tytu{\l} ksi{\k{a}}{\.{z}}ki},
  Author                   = {Imi{\k{e}} Nazwisko and Imi{\k{e}} Nazwisko},
  Publisher                = {Wydawnictwo},
  Year                     = {2017},
  Address                  = {Warszawa},
  ISBN                     = {83-204-3229-9-434}
}

% artykul w czasopismie
@Article{bib:artykul,
  Title                    = {Tytu{\l} artyku{\l}u w czasopi{\'{s}}mie},
  Author                   = {Nazwisko, Imi{\k{e}} and Imi{\k{e}} Nazwisko},
  Journal                  = {Tytu{\l} czasopisma},
  Year                     = {2016},
  Number                   = {8},
  Pages                    = {1092--1113},
  Volume                   = {157}
}

% artykul konferencyjny
@InProceedings{bib:konferencja,
  Title                    = {Tytu{\l} artyku{\l}u konferencyjnego},
  Author                   = {Imi{\k{e}} Nazwisko and Nazwisko, Imi{\k{e}} and Imi{\k{e}} I. Nazwisko},
  Booktitle                = {Nazwa konferecji},
  Year                     = {2006}, 
  Pages                    = {5346--5349}
}
 
% zrodlo internetowe
@MISC{bib:url,
  author = {{Autor, jesli znany}},
  title = {https://www.fbi.gov/news/stories/forging-papers-to-sell-fake-art. Dost{\k{e}}p 6.05.2017},
  url = "https://www.fbi.gov/news/stories/forging-papers-to-sell-fake-art"
}

%%%%%%%%%%%%%%%%%%%%%%%%%%%%%%
%%%%%%%%%%%%%%%%%%%%%%%%%%%%%%

@article{bib:1,
   title={Metric-Learning-Based Deep Hashing Network for Content-Based Retrieval of Remote Sensing Images},
   volume={18},
   ISSN={1558-0571},
   url={http://dx.doi.org/10.1109/LGRS.2020.2974629},
   DOI={10.1109/lgrs.2020.2974629},
   number={2},
   journal={IEEE Geoscience and Remote Sensing Letters},
   publisher={Institute of Electrical and Electronics Engineers (IEEE)},
   author={Roy, Subhankar and Sangineto, Enver and Demir, Begum and Sebe, Nicu},
   year={2021},
   month={Feb},
   pages={226â€“230} }

@article{bib:2,
   title={FaceNet: A unified embedding for face recognition and clustering},
   url={http://dx.doi.org/10.1109/CVPR.2015.7298682},
   DOI={10.1109/cvpr.2015.7298682},
   journal={2015 IEEE Conference on Computer Vision and Pattern Recognition (CVPR)},
   publisher={IEEE},
   author={Schroff, Florian and Kalenichenko, Dmitry and Philbin, James},
   year={2015},
   month={Jun} }

@article{bib:3,
  author    = {Hong Xuan and Abby Stylianou and Robert Pless},
  title     = {Improved Embeddings with Easy Positive Triplet Mining},
  journal   = {CoRR},
  volume    = {abs/1904.04370},
  year      = {2019},
  url       = {http://arxiv.org/abs/1904.04370},
  eprinttype = {arXiv},
  eprint    = {1904.04370},
  timestamp = {Thu, 25 Apr 2019 13:55:01 +0200},
  biburl    = {https://dblp.org/rec/journals/corr/abs-1904-04370.bib},
  bibsource = {dblp computer science bibliography, https://dblp.org}
}

@article{bib:4,
  author    = {Xun Wang and Xintong Han and Weiling Huang and Dengke Dong and Matthew R. Scott},
  title     = {Multi-Similarity Loss with General Pair Weighting for Deep Metric Learning},
  journal   = {CoRR},
  volume    = {abs/1904.06627},
  year      = {2019},
  url       = {http://arxiv.org/abs/1904.06627},
  eprinttype = {arXiv},
  eprint    = {1904.06627},
  timestamp = {Thu, 25 Apr 2019 13:55:01 +0200},
  biburl    = {https://dblp.org/rec/journals/corr/abs-1904-06627.bib},
  bibsource = {dblp computer science bibliography, https://dblp.org}
}



